
@inreference{noauthor_serial_2023,
	title = {Serial Peripheral Interface},
	rights = {Creative Commons Attribution-{ShareAlike} License},
	url = {https://ca.wikipedia.org/w/index.php?title=Serial_Peripheral_Interface&oldid=32104240},
	abstract = {El bus {SPI} (de l'anglès Serial Peripheral Interfície, en català Interfície per a perifèrics sèrie) és un estàndard de comunicacions utilitzat principalment per a la transferència de dades entre circuits integrats en equips electrònics. El bus sèrie d'interfície de perifèrics, o bus {SPI}, és un estàndard per a controlar qualsevol dispositiu electrònic digital que accepti un flux de bits sèrie.},
	booktitle = {Viquipèdia, l'enciclopèdia lliure},
	urldate = {2023-09-12},
	date = {2023-06-29},
	langid = {catalan},
	note = {Page Version {ID}: 32104240},
	file = {Snapshot:C\:\\Users\\mique\\Zotero\\storage\\JIINKUPN\\Serial_Peripheral_Interface.html:text/html},
}

@inreference{noauthor_rs-232_2023,
	title = {{RS}-232},
	rights = {Creative Commons Attribution-{ShareAlike} License},
	url = {https://en.wikipedia.org/w/index.php?title=RS-232&oldid=1170061885},
	abstract = {In telecommunications, {RS}-232 or Recommended Standard 232 is a standard originally introduced in 1960 for serial communication transmission of data. It formally defines signals connecting between a {DTE} (data terminal equipment) such as a computer terminal, and a {DCE} (data circuit-terminating equipment or data communication equipment), such as a modem. The standard defines the electrical characteristics and timing of signals, the meaning of signals, and the physical size and pinout of connectors. The current version of the standard is {TIA}-232-F Interface Between Data Terminal Equipment and Data Circuit-Terminating Equipment Employing Serial Binary Data Interchange, issued in 1997. The {RS}-232 standard had been commonly used in computer serial ports and is still widely used in industrial communication devices.
A serial port complying with the {RS}-232 standard was once a standard feature of many types of computers. Personal computers used them for connections not only to modems, but also to printers, computer mice, data storage, uninterruptible power supplies, and other peripheral devices.
Compared with later interfaces such as {RS}-422, {RS}-485 and Ethernet, {RS}-232 has lower transmission speed, shorter maximum cable length, larger voltage swing, larger standard connectors, no multipoint capability and limited multidrop capability. In modern personal computers, {USB} has displaced {RS}-232 from most of its peripheral interface roles. Thanks to their simplicity and past ubiquity, however, {RS}-232 interfaces are still used—particularly in industrial {CNC} machines, networking equipment and scientific instruments where a short-range, point-to-point, low-speed wired data connection is fully adequate.},
	booktitle = {Wikipedia},
	urldate = {2023-09-13},
	date = {2023-08-13},
	langid = {english},
	note = {Page Version {ID}: 1170061885},
	file = {Snapshot:C\:\\Users\\mique\\Zotero\\storage\\FYE3MWQT\\RS-232.html:text/html},
}
