
@book{massaki_gemba_2015,
	title = {Gemba Kaizen. Un enfoque hacia la mejora continua de la estrategia, 2{ªEd}.},
	abstract = {Segunda edición de Gemba Kaizen que aporta una revisión en profundidad de su primer trabajo, ya un clásico reputado. El libro revela cómo implementar mejoras que sean eficaces y rentables en los procesos más críticos de una empresa. Para medrar en la economía actual de un mundo competitivo, las organizaciones requieren la m áxima eficacia y los máximos beneficios en sus operaciones respecto a cualquier tiempo pasado. Son factores esenciales para el éxito la capacidad de resolución de problemas, el incremento de la productividad, la mejora de la calidad y la reducción de gastos. En esta guía se recogen estrategias probadas para logar tales objetivos. Su autor, Masaaki Imai, fundador de Kaizen Institute, es pionero del concepto moderno de excelencia en las operaciones},
	pagetotal = {580},
	author = {Massaki, Imai and Sanchez, Cristina},
	date = {2015-09-15},
}

@book{dillon_revolution_1985,
	title = {A Revolution in Manufacturing: The {SMED} System},
	isbn = {978-0-915299-03-4},
	shorttitle = {A Revolution in Manufacturing},
	abstract = {Written by the industrial engineer who developed {SMED} (single-minute exchange of die) for Toyota, A Revolution in Manufacturing provides a full overview of this powerful just in time production tool. It offers the most complete and detailed instructions available anywhere for transforming a manufacturing environment in ways that will speed up production and make small lot inventories feasible. The author delves into both the theory and practice of the {SMED} system, explaining fundamentals as well as techniques for applying {SMED}. The critically acclaimed text is supported with hundreds of illustrations and photographs, as well as twelve chapter-length case studies.},
	pagetotal = {394},
	publisher = {{CRC} Press},
	author = {Dillon, Andrew P. and Shingo, Shigeo},
	date = {1985-04-01},
	langid = {english},
	note = {Google-Books-{ID}: {ooXVVIfqEQwC}},
	keywords = {Business \& Economics / Quality Control, Technology \& Engineering / Manufacturing},
}

@book{imai_strategic_2021,
	location = {New York, New York},
	title = {Strategic Kaizen: using flow, synchronization, and leveling [{FSL}] assessment to measure and strengthen operational performance},
	isbn = {978-1-260-14384-3},
	shorttitle = {Strategic Kaizen},
	abstract = {"The groundbreaking follow-up from the bestselling author of Gemba Kaizen, and pioneer of "continuous improvement" operational excellence. Whether you run a business or practice Lean, this groundbreaking guide provides everything you need to transform your company in measurable ways. The founder of the Kaizen Institute, Masaaki Imai introduces his revolutionary Flow, Synchronization, and Leveling Assessment ({FSLA})-a first-of-its-kind Lean paradigm for measuring and improving operational performance. This new business classic teaches you: The importance of assessing corporate performance from both the financial and operational standpoints How to identify basic structures of the ideal production systems Proven ways of implementing {FSLA} to both measure operational performance and drive cost-effective, incremental improvements in their most critical business processes"-- Provided by publisher.},
	publisher = {{McGraw}-Hill},
	author = {Imai, Masaaki},
	date = {2021},
	keywords = {Total quality management},
}
